@article{lolli-2024,
	author = {given-i=L, given=Lorenzo, family=Lolli and given-i=P, given=Pascal, family=Bauer and given-i=C, given=Callum, family=Irving and given-i=D, given=Daniele, family=Bonanno and given-i=O, given=Oliver, family=Höner and given-i=W, given=Warren, family=Gregson and given-i=V, given=Valter, family={Di Salvo}},
	date = {2024-05-14},
	doi = {10.1080/24733938.2024.2341837},
	journaltitle = {Science and Medicine in Football},
	pages = {1--10},
	title = {Data analytics in the football industry: a survey investigating operational frameworks and practices in professional clubs and national federations from around the world},
	url = {https://doi.org/10.1080/24733938.2024.2341837},
}
@online{hudl-statsbomb-data-champions-2024,
	author = {{Hudl Statsbomb | Data Champions}},
	date = {2024-10-07},
	title = {HUDL Statsbomb Data | Event Data | HUDL Statsbomb},
	url = {https://statsbomb.com/what-we-do/soccer-data/},
}
@online{statsbomb-no-date,
	author = {given-i=S, given=Statsbomb},
	title = {GitHub - statsbomb/statsbombpy: Easily stream StatsBomb data into Python},
	url = {https://github.com/statsbomb/statsbombpy},
}
@video{roehm-2021,
	author = {given=Jerome, family=Roehm},
	date = {2021-03-25},
	title = {An Application of TDA to Professional Basketball},
	url = {https://www.youtube.com/watch?v=-cfp-tH-vIM},
}
@article{buldu-2018,
	author = {given-i=JM, given={Javier M.}, family=Buldú and given-i=J, given=Javier, family=Busquets and given-i=JH, given={Johann H.}, family=Martínez and given-i=JL, given={José L.}, family=Herrera-Diestra and given-i=I, given=Ignacio, family=Echegoyen and given-i=J, given=Javier, family=Galeano and given-i=J, given=Jordi, family=Luque},
	date = {2018-10-08},
	doi = {10.3389/fpsyg.2018.01900},
	journaltitle = {Frontiers in Psychology},
	title = {Using network science to analyse football passing networks: dynamics, space, time, and the multilayer nature of the game},
	url = {https://doi.org/10.3389/fpsyg.2018.01900},
	volume = {9},
}
@article{goldfarb-2014,
	author = {given-i=D, given=Daniel, family=Goldfarb},
	date = {2014-09-25},
	doi = {10.48550/arxiv.1409.7635},
	journaltitle = {arXiv.org},
	title = {An Application of Topological Data Analysis to Hockey Analytics},
	url = {https://arxiv.org/abs/1409.7635},
}

@article{aktas-2019,
	author = {given-i=ME, given={Mehmet E.}, family=Aktas and given-i=E, given=Esra, family=Akbas and given-i=AE, given={Ahmed El}, family=Fatmaoui},
	date = {2019-08-23},
	doi = {10.1007/s41109-019-0179-3},
	journaltitle = {Applied Network Science},
	number = {1},
	title = {Persistence homology of networks: methods and applications},
	url = {https://doi.org/10.1007/s41109-019-0179-3},
	volume = {4},
}